@article{zengNo2023,
  title = {No Nodule Left Behind: Evaluating Lung Nodule Malignancy Classification with Different Stratification Schemes},
  author = {\textbf{T. Zeng}, and Furst, Elias and Wang, Yiyang and Tchoua, Roselyne and Furst, Jacob and Raicu, Daniela},
  journal={SPIE Medical Imaging},
  pages={accepted},
  year={2023},
}
