@inproceedings{garg2019counterfactual,
  title={Counterfactual fairness in text classification through robustness},
  author={Garg, Sahaj and Perot, Vincent and Limtiaco, Nicole and Taly, Ankur and Chi, Ed H and Beutel, Alex},
  booktitle={Proceedings of the 2019 AAAI/ACM Conference on AI, Ethics, and Society},
  pages={219--226},
  year={2019}
}

@inproceedings{dixon2018measuring,
  title={Measuring and mitigating unintended bias in text classification},
  author={Dixon, Lucas and Li, John and Sorensen, Jeffrey and Thain, Nithum and Vasserman, Lucy},
  booktitle={Proceedings of the 2018 AAAI/ACM Conference on AI, Ethics, and Society},
  pages={67--73},
  year={2018}
}

@inproceedings{koh2021wilds,
  title={Wilds: A benchmark of in-the-wild distribution shifts},
  author={Koh, Pang Wei and Sagawa, Shiori and Marklund, Henrik and Xie, Sang Michael and Zhang, Marvin and Balsubramani, Akshay and Hu, Weihua and Yasunaga, Michihiro and Phillips, Richard Lanas and Gao, Irena and others},
  booktitle={International Conference on Machine Learning},
  pages={5637--5664},
  year={2021},
  organization={PMLR}
}

@inproceedings{madaan2021generate,
  title={Generate your counterfactuals: Towards controlled counterfactual generation for text},
  author={Madaan, Nishtha and Padhi, Inkit and Panwar, Naveen and Saha, Diptikalyan},
  booktitle={Proceedings of the AAAI Conference on Artificial Intelligence},
  volume={35},
  number={15},
  pages={13516--13524},
  year={2021}
}

@article{wadhwa2022fairness,
  title={Fairness for Text Classification Tasks with Identity Information Data Augmentation Methods},
  author={Wadhwa, Mohit and Bhambhani, Mohan and Jindal, Ashvini and Sawant, Uma and Madhavan, Ramanujam},
  journal={arXiv preprint arXiv:2203.03541},
  year={2022}
}