@inproceedings{li2017attention,
  title={Attention transfer from web images for video recognition},
  author={Li, Junnan and Wong, Yongkang and Zhao, Qi and Kankanhalli, Mohan S},
  booktitle={Proceedings of the 25th ACM international conference on multimedia},
  pages={1--9},
  year={2017}
}

@article{peng2021rethink,
  title={Rethink Transfer Learning in Medical Image Classification},
  author={Peng, Le and Liang, Hengyue and Li, Taihui and Sun, Ju},
  journal={arXiv preprint arXiv:2106.05152},
  year={2021}
}

@article{doi:10.1148/ryai.210217,
author = {Sun, Ju and Peng, Le and Li, Taihui and Adila, Dyah and Zaiman, Zach and Melton-Meaux, Genevieve B. and Ingraham, Nicholas E. and Murray, Eric and Boley, Daniel and Switzer, Sean and Burns, John L. and Huang, Kun and Allen, Tadashi and Steenburg, Scott D. and Gichoya, Judy Wawira and Kummerfeld, Erich and Tignanelli, Christopher J.},
title = {Performance of a Chest Radiograph AI Diagnostic Tool for COVID-19: A                     Prospective Observational Study},
journal = {Radiology: Artificial Intelligence},
volume = {4},
number = {4},
pages = {e210217},
year = {2022},
doi = {10.1148/ryai.210217},
    note ={PMID: 35923381},
}

@inproceedings{Luo_NeurIPS_2021,
    title={Learning to Predict Trustworthiness with Steep Slope Loss},
    author={Luo, Yan and Wong, Yongkang and Kankanhalli, Mohan and Zhao, Qi},
    booktitle={Advances in Neural Information Processing Systems},
    year={2021}
}

@inproceedings{
Sagawa*2020Distributionally,
title={Distributionally Robust Neural Networks},
author={Shiori Sagawa* and Pang Wei Koh* and Tatsunori B. Hashimoto and Percy Liang},
booktitle={International Conference on Learning Representations},
year={2020},
url={https://openreview.net/forum?id=ryxGuJrFvS}
}

@inproceedings{garg2019counterfactual,
  title={Counterfactual fairness in text classification through robustness},
  author={Garg, Sahaj and Perot, Vincent and Limtiaco, Nicole and Taly, Ankur and Chi, Ed H and Beutel, Alex},
  booktitle={Proceedings of the 2019 AAAI/ACM Conference on AI, Ethics, and Society},
  pages={219--226},
  year={2019}
}

@article{chen2021attention,
  title={Attention in Reasoning: Dataset, Analysis, and Modeling},
  author={Chen, Shi and Jiang, Ming and Yang, Jinhui and Zhao, Qi},
  journal={IEEE Transactions on Pattern Analysis and Machine Intelligence},
  year={2021},
  publisher={IEEE}
}


@inproceedings{lai2022human,
  title={Human-AI Collaboration via Conditional Delegation: A Case Study of Content Moderation},
  author={Lai, Vivian and Carton, Samuel and Bhatnagar, Rajat and Liao, Q Vera and Zhang, Yunfeng and Tan, Chenhao},
  booktitle={CHI Conference on Human Factors in Computing Systems},
  pages={1--18},
  year={2022}
}

@article{liu2021understanding,
  title={Understanding the effect of out-of-distribution examples and interactive explanations on human-ai decision making},
  author={Liu, Han and Lai, Vivian and Tan, Chenhao},
  journal={Proceedings of the ACM on Human-Computer Interaction},
  volume={5},
  number={CSCW2},
  pages={1--45},
  year={2021},
  publisher={ACM New York, NY, USA}
}